@online{hub-rate-limit,
    title = "Docker Hub rate limit",
    url = "https://docs.docker.com/docker-hub/download-rate-limit/",
    keyword = "Docker Hub, rate limit"
}

@online{harbor,
    title = "Harbor",
    url = "https://goharbor.io/",
    keyword = "Harbor"
}

@online{harbor-pull-through-cache,
    title = "Harbor Proxy Cache",
    url = "https://goharbor.io/docs/2.4.0/administration/configure-proxy-cache/",
    keyword = "Harbor Proxy Cache, Pull-through cache"
}

@online{acme,
    title = "Automatic Certificate Management Environment",
    url = "https://en.wikipedia.org/wiki/Automatic_Certificate_Management_Environment",
    keyword = "Automatic Certificate Management Environment, ACME"
}

@online{acme-challenges,
    title = "ACME challenges",
    url = "https://letsencrypt.org/docs/challenge-types/",
    keyword = "ACME challenges"
}

@online{harbor-auth,
    title = "Configuring Harbor Authentication",
    url = "https://goharbor.io/docs/1.10/administration/configure-authentication/",
    keyword = "Configuring Harbor Authentication"
}

@online{ldap,
    title = "Lightweight Directory Access Protocol",
    url = "https://it.wikipedia.org/wiki/Lightweight_Directory_Access_Protocol",
    keyword = "Lightweight Directory Access Protocol"
}

@online{distinguished-name,
    title = "Distinguished Names",
    url = "https://learn.microsoft.com/en-us/previous-versions/windows/desktop/ldap/distinguished-names",
    keyword = "Distinguished Names"
}

@online{harbor-arch,
    title = "Architecture Overview of Harbor",
    url = "https://github.com/goharbor/harbor/wiki/Architecture-Overview-of-Harbor",
    keyword = "Harbor"
}

@online{nexus,
    title = "Sonatype Nexus",
    url = "https://www.sonatype.com/products/sonatype-nexus-repository",
    keyword = "Sonatype Nexus"
}

@online{distribution,
    title = "Distribution Registry",
    url = "https://distribution.github.io/distribution",
    keyword = "Distribution Registry, Docker Registry"
}